@Article{Alfaro_2008,
  doi = {10.1016/j.dss.2007.12.002},
  url = {https://doi.org/10.1016/j.dss.2007.12.002},
  year = {2008},
  month = {apr},
  publisher = {Elsevier {BV}},
  volume = {45},
  number = {1},
  pages = {110--122},
  author = {Esteban Alfaro and Noelia Garc\'\ia and Mat\'\ias G{\a'a}mez and David Elizondo},
  title = {Bankruptcy forecasting: An empirical comparison of {AdaBoost} and neural networks},
  journal = {Decision Support Systems},
}

@Article{Sun_2008,
  doi = {10.1016/j.knosys.2006.11.003},
  url = {https://doi.org/10.1016/j.knosys.2006.11.003},
  year = {2008},
  month = {feb},
  publisher = {Elsevier {BV}},
  volume = {21},
  number = {1},
  pages = {1--5},
  author = {Jie Sun and Hui Li},
  title = {Data mining method for listed companies' financial distress prediction},
  journal = {Knowledge-Based Systems},
}

@Article{Zi_ba_2016,
  doi = {10.1016/j.eswa.2016.04.001},
  url = {https://doi.org/10.1016/j.eswa.2016.04.001},
  year = {2016},
  month = {oct},
  publisher = {Elsevier {BV}},
  volume = {58},
  pages = {93--101},
  author = {Maciej Zi{\k e}ba and Sebastian K. Tomczak and Jakub M. Tomczak},
  title = {Ensemble boosted trees with synthetic features generation in application to bankruptcy prediction},
  journal = {Expert Systems with Applications},
}

@Article{MIN_2005,
  doi = {10.1016/j.eswa.2004.12.008},
  url = {https://doi.org/10.1016/j.eswa.2004.12.008},
  year = {2005},
  month = {may},
  publisher = {Elsevier {BV}},
  volume = {28},
  number = {4},
  pages = {603--614},
  author = {J MIN and Y LEE},
  title = {Bankruptcy prediction using support vector machine with optimal choice of kernel function parameters},
  journal = {Expert Systems with Applications},
}

@InProceedings{Wu_2016,
  doi = {10.1109/ieem.2016.7798055},
  url = {https://doi.org/10.1109/ieem.2016.7798055},
  year = {2016},
  month = {dec},
  publisher = {{IEEE}},
  author = {Chong Wu and Jiaming Liu},
  title = {A combination use of bagging and random subspace with memory mechanism for dynamic financial distress prediction},
  booktitle = {2016 {IEEE} International Conference on Industrial Engineering and Engineering Management ({IEEM})},
}

@Article{Lando_2013,
  doi = {10.1093/jjfinec/nbs018},
  url = {https://doi.org/10.1093/jjfinec/nbs018},
  year = {2013},
  month = {jan},
  publisher = {Oxford University Press ({OUP})},
  volume = {11},
  number = {3},
  pages = {443--485},
  author = {D. Lando and M. Medhat and M. S. Nielsen and S. F. Nielsen},
  title = {Additive Intensity Regression Models in Corporate Default Analysis},
  journal = {Journal of Financial Econometrics},
}

@Article{Shumway_2001,
  doi = {10.1086/209665},
  url = {https://doi.org/10.1086/209665},
  year = {2001},
  month = {jan},
  publisher = {University of Chicago Press},
  volume = {74},
  number = {1},
  pages = {101--124},
  author = {Tyler Shumway},
  title = {Forecasting Bankruptcy More Accurately: A Simple Hazard Model},
  journal = {The Journal of Business},
}

@Article{Tanthanongsakkun_2009,
  doi = {10.2202/2153-3792.1042},
  url = {https://doi.org/10.2202/2153-3792.1042},
  year = {2009},
  month = {jan},
  publisher = {Walter de Gruyter {GmbH}},
  volume = {3},
  number = {2},
  author = {Suparatana Tanthanongsakkun and David Pitt and Sirimon Treepongkaruna},
  title = {A Comparison of Corporate Bankruptcy Models in Australia: The Merton vs. Accounting-based Models},
  journal = {Asia-Pacific Journal of Risk and Insurance},
}

@Article{ZHU_2016,
  doi = {10.12783/dtem/iceme-ebm2016/4142},
  url = {https://doi.org/10.12783/dtem/iceme-ebm2016/4142},
  year = {2016},
  month = {dec},
  publisher = {{DEStech} Publications},
  number = {iceme-ebm},
  author = {Mao-Ran ZHU and Wei FANG and Yuan SONG},
  title = {The Research of {SME} Financial Crisis Warning Model Based on Neural Network},
  journal = {{DEStech} Transactions on Economics and Management},
}

@Article{Muscettola_2016,
  doi = {10.5539/ijef.v8n12p63},
  url = {https://doi.org/10.5539/ijef.v8n12p63},
  year = {2016},
  month = {nov},
  publisher = {Canadian Center of Science and Education},
  volume = {8},
  number = {12},
  pages = {63},
  author = {Marco Muscettola},
  title = {Medium Risk Companies: The Probability of Notching-Up (Note 1)},
  journal = {International Journal of Economics and Finance},
}

@Article{Alaminos_2016,
  doi = {10.1371/journal.pone.0166693},
  url = {https://doi.org/10.1371/journal.pone.0166693},
  year = {2016},
  month = {nov},
  publisher = {Public Library of Science ({PLoS})},
  volume = {11},
  number = {11},
  pages = {e0166693},
  author = {David Alaminos and Agust\'\in {del Castillo} and Manuel {\a'A}ngel Fern{\a'a}ndez},
  editor = {Giovanni Ponti},
  title = {A Global Model for Bankruptcy Prediction},
  journal = {{PLOS} {ONE}},
}

@InCollection{Naveen_2016,
  doi = {10.1007/978-3-319-49397-8_13},
  url = {https://doi.org/10.1007/978-3-319-49397-8_13},
  year = {2016},
  publisher = {Springer International Publishing},
  pages = {153--161},
  author = {Nekuri Naveen and Mamillapalli Chilaka Rao},
  title = {Bankruptcy Prediction Using Memetic Algorithm},
  booktitle = {Lecture Notes in Computer Science},
}

@Article{Berg_2006,
  doi = {10.1002/asmb.658},
  url = {https://doi.org/10.1002/asmb.658},
  year = {2006},
  month = {nov},
  publisher = {Wiley-Blackwell},
  volume = {23},
  number = {2},
  pages = {129--143},
  author = {Daniel Berg},
  title = {Bankruptcy prediction by generalized additive models},
  journal = {Applied Stochastic Models in Business and Industry},
}

@Article{Tian_2015,
  doi = {10.1016/j.jbankfin.2014.12.003},
  url = {https://doi.org/10.1016/j.jbankfin.2014.12.003},
  year = {2015},
  month = {mar},
  publisher = {Elsevier {BV}},
  volume = {52},
  pages = {89--100},
  author = {Shaonan Tian and Yan Yu and Hui Guo},
  title = {Variable selection and corporate bankruptcy forecasts},
  journal = {Journal of Banking {\&} Finance},
}

@Article{du_Jardin_2012,
  doi = {10.1016/j.ejor.2012.04.006},
  url = {https://doi.org/10.1016/j.ejor.2012.04.006},
  year = {2012},
  month = {sep},
  publisher = {Elsevier {BV}},
  volume = {221},
  number = {2},
  pages = {378--396},
  author = {Philippe {du Jardin} and Eric S{\a'e}verin},
  title = {Forecasting financial failure using a Kohonen map: A comparative study to improve model stability over time},
  journal = {European Journal of Operational Research},
}

@Article{Beaver_1966,
  doi = {10.2307/2490171},
  url = {https://doi.org/10.2307/2490171},
  year = {1966},
  publisher = {{JSTOR}},
  volume = {4},
  pages = {71},
  author = {William H. Beaver},
  title = {Financial Ratios As Predictors of Failure},
  journal = {Journal of Accounting Research},
}

@Article{Cao_2012,
  doi = {10.1016/j.eswa.2011.08.067},
  url = {https://doi.org/10.1016/j.eswa.2011.08.067},
  year = {2012},
  month = {feb},
  publisher = {Elsevier {BV}},
  volume = {39},
  number = {2},
  pages = {1830--1836},
  author = {Yu Cao},
  title = {Aggregating multiple classification results using Choquet integral for financial distress early warning},
  journal = {Expert Systems with Applications},
}

@Article{Marqu_s_2012,
  doi = {10.1016/j.eswa.2012.03.033},
  url = {https://doi.org/10.1016/j.eswa.2012.03.033},
  year = {2012},
  month = {sep},
  publisher = {Elsevier {BV}},
  volume = {39},
  number = {12},
  pages = {10916--10922},
  author = {A.I. Marqu{\a'e}s and V. Garc\'\ia and J.S. S{\a'a}nchez},
  title = {Two-level classifier ensembles for credit risk assessment},
  journal = {Expert Systems with Applications},
}

@Article{Platt_1990,
  doi = {10.1111/j.1468-5957.1990.tb00548.x},
  url = {https://doi.org/10.1111/j.1468-5957.1990.tb00548.x},
  year = {1990},
  month = {mar},
  publisher = {Wiley-Blackwell},
  volume = {17},
  number = {1},
  pages = {31--51},
  author = {Harlan D. Platt and Marjorie B. Platt},
  title = {{DEVELOPMENT} {OF} A {CLASS} {OF} {STABLE} {PREDICTIVE} {VARIABLES}: {THE} {CASE} {OF} {BANKRUPTCY} {PREDICTION}},
  journal = {Journal of Business Finance {\&} Accounting},
}

@Article{Chen_2013,
  doi = {10.1016/j.eswa.2012.07.047},
  url = {https://doi.org/10.1016/j.eswa.2012.07.047},
  year = {2013},
  month = {jan},
  publisher = {Elsevier {BV}},
  volume = {40},
  number = {1},
  pages = {385--393},
  author = {Ning Chen and Bernardete Ribeiro and Armando Vieira and An Chen},
  title = {Clustering and visualization of bankruptcy trajectory using self-organizing map},
  journal = {Expert Systems with Applications},
}

@Article{Gameel_2016,
  doi = {10.5539/ijef.v8n11p159},
  url = {https://doi.org/10.5539/ijef.v8n11p159},
  year = {2016},
  month = {oct},
  publisher = {Canadian Center of Science and Education},
  volume = {8},
  number = {11},
  pages = {159},
  author = {Mohamed Sameh Gameel and Khairy El-Geziry},
  title = {Predicting Financial Distress: Multi Scenarios Modeling Using Neural Network},
  journal = {International Journal of Economics and Finance},
}

@Article{Gutierrez_2016,
  doi = {10.2139/ssrn.2910604},
  url = {https://doi.org/10.2139/ssrn.2910604},
  year = {2016},
  publisher = {Elsevier {BV}},
  author = {Elizabeth F. Gutierrez and Jake Krupa and Miguel Minutti-Meza and Maria Vulcheva},
  title = {How Useful Are Auditors{\textquotesingle} Going Concern Opinions as Predictors of Default?},
  journal = {{SSRN} Electronic Journal },
}

@Article{Jones_2016,
  doi = {10.1111/jbfa.12218},
  url = {https://doi.org/10.1111/jbfa.12218},
  year = {2016},
  month = {oct},
  publisher = {Wiley-Blackwell},
  volume = {44},
  number = {1-2},
  pages = {3--34},
  author = {Stewart Jones and David Johnstone and Roy Wilson},
  title = {Predicting Corporate Bankruptcy: An Evaluation of Alternative Statistical Frameworks},
  journal = {Journal of Business Finance {\&} Accounting},
}

@Article{_STEBRO_2012,
  doi = {10.1111/j.1740-4762.2011.01024.x},
  url = {https://doi.org/10.1111/j.1740-4762.2011.01024.x},
  year = {2012},
  month = {jan},
  publisher = {Wiley-Blackwell},
  volume = {9},
  number = {1},
  pages = {1--17},
  author = {THOMAS \AASTEBRO and JOACHIM K. WINTER},
  title = {More than a Dummy: The Probability of Failure, Survival and Acquisition of Firms in Financial Distress},
  journal = {European Management Review},
}

@Article{Wu_2010,
  doi = {10.1016/j.jcae.2010.04.002},
  url = {https://doi.org/10.1016/j.jcae.2010.04.002},
  year = {2010},
  month = {jun},
  publisher = {Elsevier {BV}},
  volume = {6},
  number = {1},
  pages = {34--45},
  author = {Y. Wu and C. Gaunt and S. Gray},
  title = {A comparison of alternative bankruptcy prediction models},
  journal = {Journal of Contemporary Accounting {\&} Economics},
}

@Article{Sun_2007,
  doi = {10.1016/j.ejor.2006.04.019},
  url = {https://doi.org/10.1016/j.ejor.2006.04.019},
  year = {2007},
  month = {jul},
  publisher = {Elsevier {BV}},
  volume = {180},
  number = {2},
  pages = {738--753},
  author = {Lili Sun and Prakash P. Shenoy},
  title = {Using Bayesian networks for bankruptcy prediction: Some methodological issues},
  journal = {European Journal of Operational Research},
}

@Article{Jones_2004,
  doi = {10.2308/accr.2004.79.4.1011},
  url = {https://doi.org/10.2308/accr.2004.79.4.1011},
  year = {2004},
  month = {oct},
  publisher = {American Accounting Association},
  volume = {79},
  number = {4},
  pages = {1011--1038},
  author = {Stewart Jones and David A. Hensher},
  title = {Predicting Firm Financial Distress: A Mixed Logit Model},
  journal = {The Accounting Review},
}

@Article{Balcaen_2006,
  doi = {10.1016/j.bar.2005.09.001},
  url = {https://doi.org/10.1016/j.bar.2005.09.001},
  year = {2006},
  month = {mar},
  publisher = {Elsevier {BV}},
  volume = {38},
  number = {1},
  pages = {63--93},
  author = {Sofie Balcaen and Hubert Ooghe},
  title = {35 years of studies on business failure: an overview of the classic statistical methodologies and their related problems},
  journal = {The British Accounting Review},
}

@Article{Giesecke_2008,
  doi = {10.2139/ssrn.1127792},
  url = {https://doi.org/10.2139/ssrn.1127792},
  year = {2008},
  publisher = {Elsevier {BV}},
  author = {Kay Giesecke and Shahriar Azizpour and Gustavo Schwenkler},
  title = {Exploring the Sources of Default Clustering},
  journal = {{SSRN} Electronic Journal},
}

@Article{DUFFIE_2009,
  doi = {10.1111/j.1540-6261.2009.01495.x},
  url = {https://doi.org/10.1111/j.1540-6261.2009.01495.x},
  year = {2009},
  month = {sep},
  publisher = {Wiley-Blackwell},
  volume = {64},
  number = {5},
  pages = {2089--2123},
  author = {DARRELL DUFFIE and ANDREAS ECKNER and GUILLAUME HOREL and LEANDRO SAITA},
  title = {Frailty Correlated Default},
  journal = {The Journal of Finance},
}

@Article{DAS_2007,
  doi = {10.1111/j.1540-6261.2007.01202.x},
  url = {https://doi.org/10.1111/j.1540-6261.2007.01202.x},
  year = {2007},
  month = {jan},
  publisher = {Wiley-Blackwell},
  volume = {62},
  number = {1},
  pages = {93--117},
  author = {SANJIV R. DAS and DARRELL DUFFIE and NIKUNJ KAPADIA and LEANDRO SAITA},
  title = {Common Failings: How Corporate Defaults Are Correlated},
  journal = {The Journal of Finance},
}

@Article{Hernandez_Tinoco_2013,
  doi = {10.1016/j.irfa.2013.02.013},
  url = {https://doi.org/10.1016/j.irfa.2013.02.013},
  year = {2013},
  month = {dec},
  publisher = {Elsevier {BV}},
  volume = {30},
  pages = {394--419},
  author = {Mario Hernandez Tinoco and Nick Wilson},
  title = {Financial distress and bankruptcy prediction among listed companies using accounting, market and macroeconomic variables},
  journal = {International Review of Financial Analysis},
}

@Article{Lando_2010,
  doi = {10.1016/j.jfi.2010.03.002},
  url = {https://doi.org/10.1016/j.jfi.2010.03.002},
  year = {2010},
  month = {jul},
  publisher = {Elsevier {BV}},
  volume = {19},
  number = {3},
  pages = {355--372},
  author = {David Lando and Mads Stenbo Nielsen},
  title = {Correlation in corporate defaults: Contagion or conditional independence?},
  journal = {Journal of Financial Intermediation},
}

@Article{Koopman_2011,
  doi = {10.1016/j.jeconom.2011.02.003},
  url = {https://doi.org/10.1016/j.jeconom.2011.02.003},
  year = {2011},
  month = {jun},
  publisher = {Elsevier {BV}},
  volume = {162},
  number = {2},
  pages = {312--325},
  author = {Siem Jan Koopman and Andr{\a'e} Lucas and Bernd Schwaab},
  title = {Modeling frailty-correlated defaults using many macroeconomic covariates},
  journal = {Journal of Econometrics},
}

@Article{Beaver_2012,
  doi = {10.1007/s11142-012-9186-7},
  url = {https://doi.org/10.1007/s11142-012-9186-7},
  year = {2012},
  month = {apr},
  publisher = {Springer Nature},
  volume = {17},
  number = {4},
  pages = {969--1010},
  author = {William H. Beaver and Maria Correia and Maureen F. McNichols},
  title = {Do differences in financial reporting attributes impair the predictive ability of financial ratios for bankruptcy?},
  journal = {Review of Accounting Studies},
}

@Article{Figlewski_2012,
  doi = {10.1016/j.iref.2011.05.004},
  url = {https://doi.org/10.1016/j.iref.2011.05.004},
  year = {2012},
  month = {jan},
  publisher = {Elsevier {BV}},
  volume = {21},
  number = {1},
  pages = {87--105},
  author = {Stephen Figlewski and Halina Frydman and Weijian Liang},
  title = {Modeling the effect of macroeconomic factors on corporate default and credit rating transitions},
  journal = {International Review of Economics {\&} Finance},
}

@Article{Chen_2014,
  doi = {10.1016/j.jbankfin.2013.11.036},
  url = {https://doi.org/10.1016/j.jbankfin.2013.11.036},
  year = {2014},
  month = {mar},
  publisher = {Elsevier {BV}},
  volume = {40},
  pages = {211--226},
  author = {Peimin Chen and Chunchi Wu},
  title = {Default prediction with dynamic sectoral and macroeconomic frailties},
  journal = {Journal of Banking {\&} Finance},
}

@Article{Duan_2012,
  doi = {10.1016/j.jeconom.2012.05.002},
  url = {https://doi.org/10.1016/j.jeconom.2012.05.002},
  year = {2012},
  month = {sep},
  publisher = {Elsevier {BV}},
  volume = {170},
  number = {1},
  pages = {191--209},
  author = {Jin-Chuan Duan and Jie Sun and Tao Wang},
  title = {Multiperiod corporate default prediction{\textemdash}A forward intensity approach},
  journal = {Journal of Econometrics},
}

@Article{CAMPBELL_2008,
  doi = {10.1111/j.1540-6261.2008.01416.x},
  url = {https://doi.org/10.1111/j.1540-6261.2008.01416.x},
  year = {2008},
  month = {nov},
  publisher = {Wiley-Blackwell},
  volume = {63},
  number = {6},
  pages = {2899--2939},
  author = {JOHN Y. CAMPBELL and JENS HILSCHER and JAN SZILAGYI},
  title = {In Search of Distress Risk},
  journal = {The Journal of Finance},
}

@Article{Chava_2004:1,
  doi = {10.1093/rof/8.4.537},
  url = {https://doi.org/10.1093/rof/8.4.537},
  year = {2004},
  month = {jan},
  publisher = {Oxford University Press ({OUP})},
  volume = {8},
  number = {4},
  pages = {537--569},
  author = {S. Chava and R. A. Jarrow},
  title = {Bankruptcy Prediction with Industry Effects},
  journal = {Review of Finance},
}

@Article{Bauer_2014,
  doi = {10.1016/j.jbankfin.2013.12.013},
  url = {https://doi.org/10.1016/j.jbankfin.2013.12.013},
  year = {2014},
  month = {mar},
  publisher = {Elsevier {BV}},
  volume = {40},
  pages = {432--442},
  author = {Julian Bauer and Vineet Agarwal},
  title = {Are hazard models superior to traditional bankruptcy prediction approaches? A comprehensive test},
  journal = {Journal of Banking {\&} Finance},
}

@Article{Sun_2006,
  doi = {10.1007/s11156-006-0003-x},
  url = {https://doi.org/10.1007/s11156-006-0003-x},
  year = {2006},
  month = {nov},
  publisher = {Springer Nature},
  volume = {28},
  number = {1},
  pages = {55--78},
  author = {Lili Sun},
  title = {A re-evaluation of auditors' opinions versus statistical models in bankruptcy prediction},
  journal = {Review of Quantitative Finance and Accounting},
}

@Article{Duffie_2007,
  doi = {10.1016/j.jfineco.2005.10.011},
  url = {https://doi.org/10.1016/j.jfineco.2005.10.011},
  year = {2007},
  month = {mar},
  publisher = {Elsevier {BV}},
  volume = {83},
  number = {3},
  pages = {635--665},
  author = {Darrell Duffie and Leandro Saita and Ke Wang},
  title = {Multi-period corporate default prediction with stochastic covariates},
  journal = {Journal of Financial Economics},
}

@Article{Dakovic_2010,
  doi = {10.1080/13504850903299594},
  url = {https://doi.org/10.1080/13504850903299594},
  year = {2010},
  month = {nov},
  publisher = {Informa {UK} Limited},
  volume = {17},
  number = {17},
  pages = {1739--1746},
  author = {Rada Dakovic and Claudia Czado and Daniel Berg},
  title = {Bankruptcy prediction in Norway: a comparison study},
  journal = {Applied Economics Letters},
}

@Article{Beaver_2005,
  doi = {10.1007/s11142-004-6341-9},
  url = {https://doi.org/10.1007/s11142-004-6341-9},
  year = {2005},
  month = {mar},
  publisher = {Springer Nature},
  volume = {10},
  number = {1},
  pages = {93--122},
  author = {William H. Beaver and Maureen F. McNichols and Jung-Wu Rhie},
  title = {Have Financial Statements Become Less Informative? Evidence from the Ability of Financial Ratios to Predict Bankruptcy},
  journal = {Review of Accounting Studies},
}

@Article{Sun_2014,
  doi = {10.1016/j.knosys.2013.12.006},
  url = {https://doi.org/10.1016/j.knosys.2013.12.006},
  year = {2014},
  month = {feb},
  publisher = {Elsevier {BV}},
  volume = {57},
  pages = {41--56},
  author = {Jie Sun and Hui Li and Qing-Hua Huang and Kai-Yu He},
  title = {Predicting financial distress and corporate failure: A review from the state-of-the-art definitions, modeling, sampling, and featuring approaches},
  journal = {Knowledge-Based Systems},
}

@Article{West_2005,
  doi = {10.1016/j.cor.2004.03.017},
  url = {https://doi.org/10.1016/j.cor.2004.03.017},
  year = {2005},
  month = {oct},
  publisher = {Elsevier {BV}},
  volume = {32},
  number = {10},
  pages = {2543--2559},
  author = {David West and Scott Dellana and Jingxia Qian},
  title = {Neural network ensemble strategies for financial decision applications},
  journal = {Computers {\&} Operations Research},
}

@Article{du_Jardin_2017,
  doi = {10.1016/j.eswa.2017.01.016},
  url = {https://doi.org/10.1016/j.eswa.2017.01.016},
  year = {2017},
  month = {jun},
  publisher = {Elsevier {BV}},
  volume = {75},
  pages = {25--43},
  author = {Philippe {du Jardin}},
  title = {Dynamics of firm financial evolution and bankruptcy prediction},
  journal = {Expert Systems with Applications},
}

@Article{Kim_2010,
  doi = {10.1016/j.eswa.2009.10.012},
  url = {https://doi.org/10.1016/j.eswa.2009.10.012},
  year = {2010},
  month = {apr},
  publisher = {Elsevier {BV}},
  volume = {37},
  number = {4},
  pages = {3373--3379},
  author = {Myoung-Jong Kim and Dae-Ki Kang},
  title = {Ensemble with neural networks for bankruptcy prediction},
  journal = {Expert Systems with Applications},
}

@Article{Platt_1991,
  doi = {10.1016/0378-4266(91)90057-s},
  url = {https://doi.org/10.1016/0378-4266(91)90057-s},
  year = {1991},
  month = {dec},
  publisher = {Elsevier {BV}},
  volume = {15},
  number = {6},
  pages = {1183--1194},
  author = {Harlan D. Platt and Marjorie B. Platt},
  title = {A note on the use of industry-relative ratios in bankruptcy prediction},
  journal = {Journal of Banking {\&} Finance},
}

@Article{Liu_2017,
  doi = {10.1057/s41283-016-0012-6},
  url = {https://doi.org/10.1057/s41283-016-0012-6},
  year = {2017},
  month = {jan},
  publisher = {Springer Nature},
  volume = {19},
  number = {1},
  pages = {32--52},
  author = {Jiaming Liu and Chong Wu},
  title = {Dynamic forecasting of financial distress: the hybrid use of incremental bagging and genetic algorithm{\textemdash}empirical study of Chinese listed corporations},
  journal = {Risk Management},
}

@Article{Sun_2011,
  doi = {10.1016/j.eswa.2011.01.042},
  url = {https://doi.org/10.1016/j.eswa.2011.01.042},
  year = {2011},
  month = {aug},
  publisher = {Elsevier {BV}},
  volume = {38},
  number = {8},
  pages = {9305--9312},
  author = {Jie Sun and Ming-yue Jia and Hui Li},
  title = {{AdaBoost} ensemble for financial distress prediction: An empirical comparison with data from Chinese listed companies},
  journal = {Expert Systems with Applications},
}

@Article{Kristanti_2016,
  doi = {10.1166/asl.2016.8138},
  url = {https://doi.org/10.1166/asl.2016.8138},
  year = {2016},
  month = {dec},
  publisher = {American Scientific Publishers},
  volume = {22},
  number = {12},
  pages = {4326--4329},
  author = {Farida Titik Kristanti and Nury Effendi and Aldrin Herwany and Erie Febrian},
  title = {Does Corporate Governance Affect the Financial Distress of Indonesian Company? A Survival Analysis Using Cox Hazard Model with Time-Dependent Covariates},
  journal = {Advanced Science Letters},
}

@Article{Kim_2012,
  doi = {10.1016/j.eswa.2012.02.072},
  url = {https://doi.org/10.1016/j.eswa.2012.02.072},
  year = {2012},
  month = {aug},
  publisher = {Elsevier {BV}},
  volume = {39},
  number = {10},
  pages = {9308--9314},
  author = {Myoung-Jong Kim and Dae-Ki Kang},
  title = {Classifiers selection in ensembles using genetic algorithms for bankruptcy prediction},
  journal = {Expert Systems with Applications},
}

@Article{Ravi_Kumar_2007,
  doi = {10.1016/j.ejor.2006.08.043},
  url = {https://doi.org/10.1016/j.ejor.2006.08.043},
  year = {2007},
  month = {jul},
  publisher = {Elsevier {BV}},
  volume = {180},
  number = {1},
  pages = {1--28},
  author = {P. Ravi Kumar and V. Ravi},
  title = {Bankruptcy prediction in banks and firms via statistical and intelligent techniques {\textendash} A review},
  journal = {European Journal of Operational Research},
}

@Article{Bahrammirzaee_2010,
  doi = {10.1007/s00521-010-0362-z},
  url = {https://doi.org/10.1007/s00521-010-0362-z},
  year = {2010},
  month = {jun},
  publisher = {Springer Nature},
  volume = {19},
  number = {8},
  pages = {1165--1195},
  author = {Arash Bahrammirzaee},
  title = {A comparative survey of artificial intelligence applications in finance: artificial neural networks, expert system and hybrid intelligent systems},
  journal = {Neural Computing and Applications},
}

@Article{Verikas_2009,
  doi = {10.1007/s00500-009-0490-5},
  url = {https://doi.org/10.1007/s00500-009-0490-5},
  year = {2009},
  month = {sep},
  publisher = {Springer Nature},
  volume = {14},
  number = {9},
  pages = {995--1010},
  author = {Antanas Verikas and Zivile Kalsyte and Marija Bacauskiene and Adas Gelzinis},
  title = {Hybrid and ensemble-based soft computing techniques in bankruptcy prediction: a survey},
  journal = {Soft Computing},
}

@Article{Tseng_2005,
  doi = {10.1016/j.omega.2004.04.002},
  url = {https://doi.org/10.1016/j.omega.2004.04.002},
  year = {2005},
  month = {feb},
  publisher = {Elsevier {BV}},
  volume = {33},
  number = {1},
  pages = {85--91},
  author = {Fang-Mei Tseng and Lin Lin},
  title = {A quadratic interval logit model for forecasting bankruptcy},
  journal = {Omega},
}

@Article{Bose_2006,
  doi = {10.1016/j.ejor.2005.05.009},
  url = {https://doi.org/10.1016/j.ejor.2005.05.009},
  year = {2006},
  month = {oct},
  publisher = {Elsevier {BV}},
  volume = {174},
  number = {2},
  pages = {959--982},
  author = {Indranil Bose and Raktim Pal},
  title = {Predicting the survival or failure of click-and-mortar corporations: A knowledge discovery approach},
  journal = {European Journal of Operational Research},
}

@Article{DING_2008,
  doi = {10.1016/j.eswa.2007.06.037},
  url = {https://doi.org/10.1016/j.eswa.2007.06.037},
  year = {2008},
  month = {may},
  publisher = {Elsevier {BV}},
  volume = {34},
  number = {4},
  pages = {3081--3089},
  author = {Y DING and X SONG and Y ZEN},
  title = {Forecasting financial condition of Chinese listed companies based on support vector machine},
  journal = {Expert Systems with Applications},
}

@Article{Li_2011,
  doi = {10.1016/j.eswa.2011.04.064},
  url = {https://doi.org/10.1016/j.eswa.2011.04.064},
  year = {2011},
  month = {sep},
  publisher = {Elsevier {BV}},
  volume = {38},
  number = {10},
  pages = {12747--12756},
  author = {Hui Li and Jie Sun},
  title = {Predicting business failure using support vector machines with straightforward wrapper: A re-sampling study},
  journal = {Expert Systems with Applications},
}

@Article{Van_Gestel_2010,
  doi = {10.1016/j.neucom.2010.07.002},
  url = {https://doi.org/10.1016/j.neucom.2010.07.002},
  year = {2010},
  month = {oct},
  publisher = {Elsevier {BV}},
  volume = {73},
  number = {16-18},
  pages = {2955--2970},
  author = {Tony Van Gestel and Bart Baesens and David Martens},
  title = {From linear to non-linear kernel based classifiers for bankruptcy prediction},
  journal = {Neurocomputing},
}

@InCollection{Hui_2006,
  doi = {10.1007/11681960_27},
  url = {https://doi.org/10.1007/11681960_27},
  year = {2006},
  publisher = {Springer Berlin Heidelberg},
  pages = {274--282},
  author = {Xiao-Feng Hui and Jie Sun},
  title = {An Application of Support Vector Machine to Companies' Financial Distress Prediction},
  booktitle = {Modeling Decisions for Artificial Intelligence},
}

@Article{Hung_2009,
  doi = {10.1016/j.eswa.2008.06.068},
  url = {https://doi.org/10.1016/j.eswa.2008.06.068},
  year = {2009},
  month = {apr},
  publisher = {Elsevier {BV}},
  volume = {36},
  number = {3},
  pages = {5297--5303},
  author = {Chihli Hung and Jing-Hong Chen},
  title = {A selective ensemble based on expected probabilities for bankruptcy prediction},
  journal = {Expert Systems with Applications},
}

@Article{Jo_1996,
  doi = {10.1016/s0957-4174(96)00056-5},
  url = {https://doi.org/10.1016/s0957-4174(96)00056-5},
  year = {1996},
  month = {jan},
  publisher = {Elsevier {BV}},
  volume = {11},
  number = {4},
  pages = {415--422},
  author = {Hongkyu Jo and Ingoo Han},
  title = {Integration of case-based forecasting, neural network, and discriminant analysis for bankruptcy prediction},
  journal = {Expert Systems with Applications},
}

@Article{Li_2010,
  doi = {10.1016/j.eswa.2010.02.016},
  url = {https://doi.org/10.1016/j.eswa.2010.02.016},
  year = {2010},
  month = {aug},
  publisher = {Elsevier {BV}},
  volume = {37},
  number = {8},
  pages = {5895--5904},
  author = {Hui Li and Jie Sun and Jian Wu},
  title = {Predicting business failure using classification and regression tree: An empirical comparison with popular classical statistical methods and top classification mining methods},
  journal = {Expert Systems with Applications},
}

@Article{Li_2011:1,
  doi = {10.1016/j.knosys.2011.06.015},
  url = {https://doi.org/10.1016/j.knosys.2011.06.015},
  year = {2011},
  month = {dec},
  publisher = {Elsevier {BV}},
  volume = {24},
  number = {8},
  pages = {1380--1388},
  author = {Hui Li and Young-Chan Lee and Yan-Chun Zhou and Jie Sun},
  title = {The random subspace binary logit ({RSBL}) model for bankruptcy prediction},
  journal = {Knowledge-Based Systems},
}

@Article{Li_2011:2,
  doi = {10.1016/j.im.2011.05.001},
  url = {https://doi.org/10.1016/j.im.2011.05.001},
  year = {2011},
  month = {aug},
  publisher = {Elsevier {BV}},
  volume = {48},
  number = {6},
  pages = {220--227},
  author = {Hui Li and Jie Sun},
  title = {Principal component case-based reasoning ensemble for business failure prediction},
  journal = {Information {\&} Management},
}

@Article{Ryu_2005,
  doi = {10.1109/tsmca.2005.843393},
  url = {https://doi.org/10.1109/tsmca.2005.843393},
  year = {2005},
  month = {sep},
  publisher = {Institute of Electrical and Electronics Engineers ({IEEE})},
  volume = {35},
  number = {5},
  pages = {727--737},
  author = {Y.U. Ryu and W.T. Yue},
  title = {Firm Bankruptcy Prediction: Experimental Comparison of Isotonic Separation and Other Classification Approaches},
  journal = {{IEEE} Transactions on Systems, Man, and Cybernetics - Part A: Systems and Humans},
}

@Article{Shin_2002,
  doi = {10.1016/s0957-4174(02)00051-9},
  url = {https://doi.org/10.1016/s0957-4174(02)00051-9},
  year = {2002},
  month = {oct},
  publisher = {Elsevier {BV}},
  volume = {23},
  number = {3},
  pages = {321--328},
  author = {Kyung-Shik Shin and Yong-Joo Lee},
  title = {A genetic algorithm application in bankruptcy prediction modeling},
  journal = {Expert Systems with Applications},
}

@Article{Shin_2005,
  doi = {10.1016/j.eswa.2004.08.009},
  url = {https://doi.org/10.1016/j.eswa.2004.08.009},
  year = {2005},
  month = {jan},
  publisher = {Elsevier {BV}},
  volume = {28},
  number = {1},
  pages = {127--135},
  author = {Kyung-Shik Shin and Taik Soo Lee and Hyun-jung Kim},
  title = {An application of support vector machines in bankruptcy prediction model},
  journal = {Expert Systems with Applications},
}

@Article{Sun_2011:1,
  doi = {10.1016/j.knosys.2011.04.013},
  url = {https://doi.org/10.1016/j.knosys.2011.04.013},
  year = {2011},
  month = {oct},
  publisher = {Elsevier {BV}},
  volume = {24},
  number = {7},
  pages = {1013--1023},
  author = {Jie Sun and Kai-Yu He and Hui Li},
  title = {{SFFS}-{PC}-{NN} optimized by genetic algorithm for dynamic prediction of financial distress with longitudinal data streams},
  journal = {Knowledge-Based Systems},
}

@Article{Sun_2008:1,
  doi = {10.1016/j.eswa.2007.07.045},
  url = {https://doi.org/10.1016/j.eswa.2007.07.045},
  year = {2008},
  month = {oct},
  publisher = {Elsevier {BV}},
  volume = {35},
  number = {3},
  pages = {818--827},
  author = {Jie Sun and Hui Li},
  title = {Listed companies' financial distress prediction based on weighted majority voting combination of multiple classifiers},
  journal = {Expert Systems with Applications},
}

@Article{Sun_2011:2,
  doi = {10.1016/j.eswa.2010.08.046},
  url = {https://doi.org/10.1016/j.eswa.2010.08.046},
  year = {2011},
  month = {mar},
  publisher = {Elsevier {BV}},
  volume = {38},
  number = {3},
  pages = {2566--2576},
  author = {Jie Sun and Hui Li},
  title = {Dynamic financial distress prediction using instance selection for the disposal of concept drift},
  journal = {Expert Systems with Applications},
}

@Article{Sun_2012,
  doi = {10.1016/j.asoc.2012.03.028},
  url = {https://doi.org/10.1016/j.asoc.2012.03.028},
  year = {2012},
  month = {aug},
  publisher = {Elsevier {BV}},
  volume = {12},
  number = {8},
  pages = {2254--2265},
  author = {Jie Sun and Hui Li},
  title = {Financial distress prediction using support vector machines: Ensemble vs. individual},
  journal = {Applied Soft Computing},
}

@Article{Sun_2013,
  doi = {10.1109/tsmca.2012.2224338},
  url = {https://doi.org/10.1109/tsmca.2012.2224338},
  year = {2013},
  month = {jul},
  publisher = {Institute of Electrical and Electronics Engineers ({IEEE})},
  volume = {43},
  number = {4},
  pages = {801--813},
  author = {Jie Sun and Hui Li and Hojjat Adeli},
  title = {Concept Drift-Oriented Adaptive and Dynamic Support Vector Machine Ensemble With Time Window in Corporate Financial Risk Prediction},
  journal = {{IEEE} Transactions on Systems, Man, and Cybernetics: Systems},
}

@Article{Georgescu_2017,
  doi = {10.1108/k-06-2016-0152},
  url = {https://doi.org/10.1108/k-06-2016-0152},
  year = {2017},
  month = {jan},
  publisher = {Emerald},
  volume = {46},
  number = {1},
  pages = {142--156},
  author = {Vasile Georgescu},
  title = {Using genetic algorithms to evolve type-2 fuzzy logic systems for predicting bankruptcy},
  journal = {Kybernetes},
}

@Article{Oliveira_2017,
  doi = {10.1057/s41274-016-0166-3},
  url = {https://doi.org/10.1057/s41274-016-0166-3},
  year = {2017},
  month = {feb},
  publisher = {Springer Nature},
  volume = {68},
  number = {9},
  pages = {985--997},
  author = {Manuel D. N. T. Oliveira and Fernando A. F. Ferreira and Guillermo O. P{\a'e}rez-Bustamante Ilander and Marjan S. Jalali},
  title = {Integrating cognitive mapping and {MCDA} for bankruptcy prediction in small- and medium-sized enterprises},
  journal = {Journal of the Operational Research Society},
}

@Article{Gupta_2017,
  doi = {10.4236/tel.2017.72011},
  url = {https://doi.org/10.4236/tel.2017.72011},
  year = {2017},
  publisher = {Scientific Research Publishing, Inc,},
  volume = {07},
  number = {02},
  pages = {116--138},
  author = {Vandana Gupta},
  title = {A Survival Approach to Prediction of Default Drivers for Indian Listed Companies},
  journal = {Theoretical Economics Letters},
}

@Article{Dimitras_1996,
  doi = {10.1016/0377-2217(95)00070-4},
  url = {https://doi.org/10.1016/0377-2217(95)00070-4},
  year = {1996},
  month = {may},
  publisher = {Elsevier {BV}},
  volume = {90},
  number = {3},
  pages = {487--513},
  author = {A.I. Dimitras and S.H. Zanakis and C. Zopounidis},
  title = {A survey of business failures with an emphasis on prediction methods and industrial applications},
  journal = {European Journal of Operational Research},
}

@InProceedings{Kumar_2007,
  doi = {10.1109/icdim.2007.369357},
  url = {https://doi.org/10.1109/icdim.2007.369357},
  year = {2007},
  month = {apr},
  publisher = {{IEEE}},
  author = {P. Ravi Kumar and V. Ravi},
  title = {Bankruptcy Prediction in Banks by Fuzzy Rule Based Classifier},
  booktitle = {2006 1st International Conference on Digital Information Management},
}

@InProceedings{Mathiasi_Horta_2008,
  doi = {10.2495/data080201},
  url = {https://doi.org/10.2495/data080201},
  year = {2008},
  month = {may},
  publisher = {{WIT} Press},
  author = {R. A. Mathiasi Horta and B. S. L. Pires {de Lima} and C. C. H. Borges},
  title = {A semi-deterministic ensemble strategy for imbalanced datasets ({SDEID}) applied to bankruptcy prediction},
  booktitle = {Data Mining {IX}},
}

@Article{Ouenniche_2017,
  doi = {10.1007/s10479-017-2431-5},
  url = {https://doi.org/10.1007/s10479-017-2431-5},
  year = {2017},
  month = {feb},
  publisher = {Springer Nature},
  volume = {254},
  number = {1-2},
  pages = {235--250},
  author = {Jamal Ouenniche and Kaoru Tone},
  title = {An out-of-sample evaluation framework for {DEA} with application in bankruptcy prediction},
  journal = {Annals of Operations Research},
}

@Article{Mselmi_2017,
  doi = {10.1016/j.irfa.2017.02.004},
  url = {https://doi.org/10.1016/j.irfa.2017.02.004},
  year = {2017},
  month = {mar},
  publisher = {Elsevier {BV}},
  volume = {50},
  pages = {67--80},
  author = {Nada Mselmi and Amine Lahiani and Taher Hamza},
  title = {Financial distress prediction: The case of French small and medium-sized firms},
  journal = {International Review of Financial Analysis},
}

@Article{Aretz_2017,
  doi = {10.1287/mnsc.2016.2712},
  url = {https://doi.org/10.1287/mnsc.2016.2712},
  year = {2017},
  month = {apr},
  publisher = {Institute for Operations Research and the Management Sciences ({INFORMS})},
  author = {Kevin Aretz and Chris Florackis and Alexandros Kostakis},
  title = {Do Stock Returns Really Decrease with Default Risk? New International Evidence},
  journal = {Management Science},
}

@Article{Ben_Jabeur_2017,
  doi = {10.1016/j.jretconser.2017.02.005},
  url = {https://doi.org/10.1016/j.jretconser.2017.02.005},
  year = {2017},
  month = {may},
  publisher = {Elsevier {BV}},
  volume = {36},
  pages = {197--202},
  author = {Sami Ben Jabeur},
  title = {Bankruptcy prediction using Partial Least Squares Logistic Regression},
  journal = {Journal of Retailing and Consumer Services},
}

@Article{Kausar_2017,
  doi = {10.1111/jbfa.12256},
  url = {https://doi.org/10.1111/jbfa.12256},
  year = {2017},
  month = {may},
  publisher = {Wiley-Blackwell},
  volume = {44},
  number = {7-8},
  pages = {897--924},
  author = {Asad Kausar and Clive Lennox},
  title = {Balance sheet conservatism and audit reporting conservatism},
  journal = {Journal of Business Finance {\&} Accounting},
}

@Article{du_Jardin_2017:1,
  doi = {10.1007/s10614-017-9681-9},
  url = {https://doi.org/10.1007/s10614-017-9681-9},
  year = {2017},
  month = {apr},
  publisher = {Springer Nature},
  author = {Philippe {du Jardin} and David Veganzones and Eric S{\a'e}verin},
  title = {Forecasting Corporate Bankruptcy Using Accrual-Based Models},
  journal = {Computational Economics},
}

@Article{Volkov_2017,
  doi = {10.1016/j.dss.2017.04.008},
  url = {https://doi.org/10.1016/j.dss.2017.04.008},
  year = {2017},
  month = {jun},
  publisher = {Elsevier {BV}},
  volume = {98},
  pages = {59--68},
  author = {Andrey Volkov and Dries F. Benoit and Dirk Van {den Poel}},
  title = {Incorporating sequential information in bankruptcy prediction with predictors based on Markov for discrimination},
  journal = {Decision Support Systems},
}

@Article{Liang_2017,
  doi = {10.1007/s10115-017-1061-1},
  url = {https://doi.org/10.1007/s10115-017-1061-1},
  year = {2017},
  month = {may},
  publisher = {Springer Nature},
  author = {Deron Liang and Chih-Fong Tsai and An-Jie Dai and William Eberle},
  title = {A novel classifier ensemble approach for financial distress prediction},
  journal = {Knowledge and Information Systems},
}

@Article{RMI_staff_2015,
  doi = {10.1142/s2010493615500099},
  url = {https://doi.org/10.1142/s2010493615500099},
  year = {2015},
  month = {jan},
  publisher = {World Scientific Pub Co Pte Lt},
  volume = {05},
  number = {01},
  pages = {113--203},
  author = {RMI staff},
  title = {{NUS}-{RMI} Credit Research Initiative Technical Report Version: 2015 Update 1},
  journal = {Global Credit Review},
}

@Article{Duan_2012:2,
  doi = {10.1016/j.jeconom.2012.05.002},
  url = {https://doi.org/10.1016/j.jeconom.2012.05.002},
  year = {2012},
  month = {sep},
  publisher = {Elsevier {BV}},
  volume = {170},
  number = {1},
  pages = {191--209},
  author = {Jin-Chuan Duan and Jie Sun and Tao Wang},
  title = {Multiperiod corporate default prediction{\textemdash}A forward intensity approach},
  journal = {Journal of Econometrics},
}

@Article{Tian_2017,
  doi = {10.1016/j.iref.2017.07.025},
  url = {https://doi.org/10.1016/j.iref.2017.07.025},
  year = {2017},
  month = {sep},
  publisher = {Elsevier {BV}},
  volume = {51},
  pages = {510--526},
  author = {Shaonan Tian and Yan Yu},
  title = {Financial ratios and bankruptcy predictions: An international evidence},
  journal = {International Review of Economics {\&} Finance},
}

@Article{Hwang_2012,
  doi = {10.1016/j.ijforecast.2011.11.006},
  url = {https://doi.org/10.1016/j.ijforecast.2011.11.006},
  year = {2012},
  month = {jul},
  publisher = {Elsevier {BV}},
  volume = {28},
  number = {3},
  pages = {675--688},
  author = {Ruey-Ching Hwang},
  title = {A varying-coefficient default model},
  journal = {International Journal of Forecasting},
}

@Article{Barboza_2017,
  doi = {10.1016/j.eswa.2017.04.006},
  url = {https://doi.org/10.1016/j.eswa.2017.04.006},
  year = {2017},
  month = {oct},
  publisher = {Elsevier {BV}},
  volume = {83},
  pages = {405--417},
  author = {Flavio Barboza and Herbert Kimura and Edward Altman},
  title = {Machine learning models and bankruptcy prediction},
  journal = {Expert Systems with Applications},
}

@Article{Gouri_roux_2014,
  doi = {10.1016/j.jeconom.2014.05.005},
  url = {https://doi.org/10.1016/j.jeconom.2014.05.005},
  year = {2014},
  month = {oct},
  publisher = {Elsevier {BV}},
  volume = {182},
  number = {2},
  pages = {397--411},
  author = {C. Gouri{\a'e}roux and A. Monfort and J.P. Renne},
  title = {Pricing default events: Surprise, exogeneity and contagion},
  journal = {Journal of Econometrics},
}

@Article{Brogaard_2017,
  doi = {10.1016/j.jfineco.2017.03.003},
  url = {https://doi.org/10.1016/j.jfineco.2017.03.003},
  year = {2017},
  month = {jun},
  publisher = {Elsevier {BV}},
  volume = {124},
  number = {3},
  pages = {486--502},
  author = {Jonathan Brogaard and Dan Li and Ying Xia},
  title = {Stock liquidity and default risk},
  journal = {Journal of Financial Economics},
}

@Article{Nickerson_2017,
  doi = {10.1016/j.jfineco.2017.06.011},
  url = {https://doi.org/10.1016/j.jfineco.2017.06.011},
  year = {2017},
  month = {sep},
  publisher = {Elsevier {BV}},
  volume = {125},
  number = {3},
  pages = {454--474},
  author = {Jordan Nickerson and John M. Griffin},
  title = {Debt correlations in the wake of the financial crisis: What are appropriate default correlations for structured products?},
  journal = {Journal of Financial Economics},
}

@Article{JORION_2007,
  doi = {10.1016/j.jfineco.2006.06.001},
  url = {https://doi.org/10.1016/j.jfineco.2006.06.001},
  year = {2007},
  month = {jun},
  publisher = {Elsevier {BV}},
  volume = {84},
  number = {3},
  pages = {860--883},
  author = {P JORION and G ZHANG},
  title = {Good and bad credit contagion: Evidence from credit default swaps{\ding{73}}},
  journal = {Journal of Financial Economics},
}
