%%%%%%%%%%%%%%%%%
% Default models

@article{beaver66,
  title={Financial ratios as predictors of failure},
  author={Beaver, William H},
  journal={Journal of accounting research},
  pages={71--111},
  year={1966},
  publisher={JSTOR}
}

@article{altman68,
  title={Financial ratios, discriminant analysis and the prediction of corporate bankruptcy},
  author={Altman, Edward I},
  journal={The journal of finance},
  volume={23},
  number={4},
  pages={589--609},
  year={1968},
  publisher={Wiley Online Library}
}

@article{ohlson80,
  title={Financial ratios and the probabilistic prediction of bankruptcy},
  author={Ohlson, James A},
  journal={Journal of accounting research},
  pages={109--131},
  year={1980},
  publisher={JSTOR}
}

@article{zmijewski84,
 ISSN = {00218456, 1475679X},
 URL = {http://www.jstor.org/stable/2490859},
 author = {Mark E. Zmijewski},
 journal = {Journal of Accounting Research},
 pages = {59-82},
 publisher = {[Accounting Research Center, Booth School of Business, University of Chicago, Wiley]},
 title = {Methodological Issues Related to the Estimation of Financial Distress Prediction Models},
 volume = {22},
 year = {1984}
}

@article{platt91,
  title={A note on the use of industry-relative ratios in bankruptcy prediction},
  author={Platt, Harlan D and Platt, Marjorie B},
  journal={Journal of Banking \& Finance},
  volume={15},
  number={6},
  pages={1183--1194},
  year={1991},
  publisher={Elsevier}
}

@article{shumway01,
  title={Forecasting bankruptcy more accurately: A simple hazard model*},
  author={Shumway, Tyler},
  journal={The Journal of Business},
  volume={74},
  number={1},
  pages={101--124},
  year={2001},
  publisher={JSTOR}
}

@article{chava04,
  title={Bankruptcy prediction with industry effects},
  author={Chava, Sudheer and Jarrow, Robert A},
  journal={Review of Finance},
  volume={8},
  number={4},
  pages={537--569},
  year={2004},
  publisher={Oxford University Press}
}

@article{hillegeist04,
  title={Assessing the probability of bankruptcy},
  author={Hillegeist, Stephen A and Keating, Elizabeth K and Cram, Donald P and Lundstedt, Kyle G},
  journal={Review of accounting studies},
  volume={9},
  number={1},
  pages={5--34},
  year={2004},
  publisher={Springer}
}

@techreport{lykke04,
  title={A failure-rate model for the Danish corporate sector},
  author={Lykke, Morten and Pedersen, Kenneth Juhl and Vinther, Heidi M{\o}lgaard},
  year={2004},
  institution={Danmarks Nationalbank Working Papers}
}

@article{jones04,
  title={Predicting firm financial distress: A mixed logit model},
  author={Jones, Stewart and Hensher, David A},
  journal={The Accounting Review},
  volume={79},
  number={4},
  pages={1011--1038},
  year={2004}
}

@article{beaver05,
  title={Have financial statements become less informative? Evidence from the ability of financial ratios to predict bankruptcy},
  author={Beaver, William H and McNichols, Maureen F and Rhie, Jung-Wu},
  journal={Review of Accounting studies},
  volume={10},
  number={1},
  pages={93--122},
  year={2005},
  publisher={Springer}
}

@article{duffie07,
  title={Multi-period corporate default prediction with stochastic covariates},
  author={Duffie, Darrell and Saita, Leandro and Wang, Ke},
  journal={Journal of Financial Economics},
  volume={83},
  number={3},
  pages={635--665},
  year={2007},
  publisher={Elsevier}
}

@article{berg07,
  title={Bankruptcy prediction by generalized additive models},
  author={Berg, Daniel},
  journal={Applied Stochastic Models in Business and Industry},
  volume={23},
  number={2},
  pages={129--143},
  year={2007},
  publisher={Wiley Online Library}
}

@article{das07,
  title={Common failings: How corporate defaults are correlated},
  author={Das, Sanjiv R and Duffie, Darrell and Kapadia, Nikunj and Saita, Leandro},
  journal={The Journal of Finance},
  volume={62},
  number={1},
  pages={93--117},
  year={2007},
  publisher={Wiley Online Library}
}

@article{sun07,
  title={A re-evaluation of auditors’ opinions versus statistical models in bankruptcy prediction},
  author={Sun, Lili},
  journal={Review of Quantitative Finance and Accounting},
  volume={28},
  number={1},
  pages={55--78},
  year={2007},
  publisher={Springer}
}

@article{campbell08,
  title={In search of distress risk},
  author={Campbell, John Y and Hilscher, Jens and Szilagyi, Jan},
  journal={The Journal of Finance},
  volume={63},
  number={6},
  pages={2899--2939},
  year={2008},
  publisher={Wiley Online Library}
}

@article{azizpour08,
  title={Self-exciting corporate defaults: contagion vs. frailty},
  author={Azizpour, Shariar and Giesecke, Kay and others},
  journal={Palo Alto, California: Stanford University). Available via the Internet: www. stanford. edu/dept/MSandE/people/faculty/giesecke/selfexciting. pdf},
  year={2008}
}

@article {duffie09,
author = {Duffie, Darrell and Eckner, Andreas and Horel, Guillaume and Saita, Leandro},
title = {Frailty Correlated Default},
journal = {The Journal of Finance},
volume = {64},
number = {5},
publisher = {Blackwell Publishing Inc},
issn = {1540-6261},
url = {http://dx.doi.org/10.1111/j.1540-6261.2009.01495.x},
doi = {10.1111/j.1540-6261.2009.01495.x},
pages = {2089--2123},
year = {2009},
}

@article{tanthanongsakkun09,
  title={A Comparison of Corporate Bankruptcy Models in Australia: The Merton vs. Accounting-based Models},
  author={Tanthanongsakkun, Suparatana and Pitt, David and Treepongkaruna, Sirimon},
  journal={Asia-Pacific Journal of Risk and Insurance},
  volume={3},
  number={2},
  year={2009}
}

@article{lando10,
  title={Correlation in corporate defaults: Contagion or conditional independence?},
  author={Lando, David and Nielsen, Mads Stenbo},
  journal={Journal of Financial Intermediation},
  volume={19},
  number={3},
  pages={355--372},
  year={2010},
  publisher={Elsevier}
}

@article{christidis10,
  title={Some new models for financial distress prediction in the UK},
  author={Christidis, Angela and Gregory, Alan},
  year={2010}
}

@article{dakovic10,
author = { Rada   Dakovic  and  Claudia   Czado  and  Daniel   Berg },
title = {Bankruptcy prediction in Norway: a comparison study},
journal = {Applied Economics Letters},
volume = {17},
number = {17},
pages = {1739-1746},
year  = {2010},
publisher = {Routledge},
doi = {10.1080/13504850903299594},

URL = { 
        http://dx.doi.org/10.1080/13504850903299594
    
},
eprint = { 
  http://dx.doi.org/10.1080/13504850903299594
}}

@article{wu10,
  title={A comparison of alternative bankruptcy prediction models},
  author={Wu, Yanhui and Gaunt, Clive and Gray, Stephen},
  journal={Journal of Contemporary Accounting \& Economics},
  volume={6},
  number={1},
  pages={34--45},
  year={2010},
  publisher={Elsevier}
}

@techreport{koopman10,
  title={Macro, industry and frailty effects in defaults: the 2008 credit crisis in perspective},
  author={Koopman, Siem Jan and Lucas, Andr{\'e} and Schwaab, Bernd},
  year={2010},
  institution={Tinbergen Institute Discussion Paper}
}

@article{koopman11,
  title={Modeling frailty-correlated defaults using many macroeconomic covariates},
  author={Koopman, Siem Jan and Lucas, Andr{\'e} and Schwaab, Bernd},
  journal={Journal of Econometrics},
  volume={162},
  number={2},
  pages={312--325},
  year={2011},
  publisher={Elsevier}
}

@article{aastebro12,
  title={More than a dummy: The probability of failure, survival and acquisition of firms in financial distress},
  author={{\AA}stebro, Thomas and Winter, Joachim K},
  journal={European Management Review},
  volume={9},
  number={1},
  pages={1--17},
  year={2012},
  publisher={Wiley Online Library}
}

@article{duan12,
  title={Multiperiod corporate default prediction—A forward intensity approach},
  author={Duan, Jin-Chuan and Sun, Jie and Wang, Tao},
  journal={Journal of Econometrics},
  volume={170},
  number={1},
  pages={191--209},
  year={2012},
  publisher={Elsevier}
}

@article{hwang12,
  title={A varying-coefficient default model},
  author={Hwang, Ruey-Ching},
  journal={International Journal of Forecasting},
  volume={28},
  number={3},
  pages={675--688},
  year={2012},
  publisher={Elsevier}
}

@article{duan13,
  title={Multiperiod Corporate Default Prediction with the Partially-Conditioned Forward Intensity},
  author={Duan, Jin-Chuan and Fulop, Andras},
  year={2013}
}

@article{lando13,
  title={Additive intensity regression models in corporate default analysis},
  author={Lando, David and Medhat, Mamdouh and Nielsen, Mads Stenbo and Nielsen, S{\o}ren Feodor},
  journal={Journal of Financial Econometrics},
  volume={11},
  number={3},
  pages={443--485},
  year={2013},
  publisher={Oxford University Press}
}

@article{tian15,
  title={Variable selection and corporate bankruptcy forecasts},
  author={Tian, Shaonan and Yu, Yan and Guo, Hui},
  journal={Journal of Banking \& Finance},
  volume={52},
  pages={89--100},
  year={2015},
  publisher={Elsevier}
}

@techreport{banai16,
  title={Modelling The Credit Risk Of The Hungarian Sme Sector},
  author={Banai, {\'A}d{\'a}m and K{\"o}rmendi, Gy{\"o}ngyi and Lang, P{\'e}ter and V{\'a}g{\'o}, Nikolett and others},
  year={2016},
  institution={Magyar Nemzeti Bank (Central Bank of Hungary)}
}

@techreport{kenney16,
  title={Why Do Companies Fail?},
  author={Kenney, Rose and La Cava, Gianni and Rodgers, David and others},
  year={2016},
  institution={Reserve Bank of Australia}
}

@article{azizpour16,
  title={Exploring the sources of default clustering},
  author={Azizpour, Shahriar and Giesecke, Kay and Schwenkler, Gustavo},
  year={2016}
}

@article{nickerson17,
  title={Debt correlations in the wake of the financial crisis: What are appropriate default correlations for structured products?},
  author={Nickerson, Jordan and Griffin, John M},
  journal={Journal of Financial Economics},
  year={2017},
  publisher={Elsevier}
}

%%%%%%%%%%%%%%%%%%%%%
% Statistical models

@article{mckeague94,
  title={A partly parametric additive risk model},
  author={McKeague, Ian W and Sasieni, Peter D},
  journal={Biometrika},
  volume={81},
  number={3},
  pages={501--514},
  year={1994},
  publisher={Biometrika Trust}
}

@book{harrell15,
  title={Regression modeling strategies: with applications to linear models, logistic and ordinal regression, and survival analysis},
  author={Harrell, Frank},
  year={2015},
  publisher={Springer}
}

@book{wood06,
  title={Generalized additive models: an introduction with R},
  author={Wood, Simon},
  year={2006},
  publisher={CRC press}
}

@book{martinussen07,
  title={Dynamic regression models for survival data},
  author={Martinussen, Torben and Scheike, Thomas H},
  year={2007},
  publisher={Springer Science \& Business Media}
}